=LDR  00000nam\\2200000\a\4500
=001  tes96000004\
=003  ViArRB
=005  19960221075055.7
=008  960221s1955\\\\dcuabcdjdbkoqu001\0dspa\d
=020  \\$a8472236579
=040  \\$aViArRB$cViArRB
=050  \4$aPQ1234$b.T39 1955
=100  2 $aDeer-Doe, Jane,$d1957-
=245  10$aNew test record number 4 with newly-defined diacritics
$h[large print] /$cby Jane Deer-Doe
=260  \\$aWashington, DC :$bLibrary of Congress,$c1955.
=300  \\$a300\p.\:$bill., maps, ports., charts ;$c\cm.
=440  \0$aTest record series ;$vno. 4
=500  \\$aThis field tests the 13 new USMARC characters
 which include the spacing circumflex "^", the spacing underscore
 in "file_name", the grave "`", the spacing tilde "~", and
 the opening and closing curly brackets, {lcub}text{rcub},
 also included are new extended characters degree sign 98.6
{deg}, small script l in 45{scriptl}, the phono copyright
 mark in {phono}1994, the copyright mark in {copy}1955,
 the musical sharp in concerto in F{sharp} major, the inverted
 question mark in {iquest}Que pas{acute}o?, and the inverted
 exclamation mark in {iexcl}Ay caramba!.
=504  \\$aIncludes Bibliographies, discographies, filmographies,
 and reviews.
=500  \\$aIncludes index.
=650  \4$aTest record$xJuvenile.
=600  14$aDoe, John,$d1955- $xBiography.

