=LDR  00000nam\\2200000\a\4500
=001  tes96000005\
=003  ViArRB
=005  19960221075055.7
=008  960221s1955\\\\dcuabcdjdbkoqu001\0dspa\d
=020  \\$a8472236579
=040  \\$aViArRB$cViArRB
=050  \4$aPQ1234$b.T39 1955
=100  2 $aDeer-Doe, Jane,$d1957-
=245  10$aNew test record number 5 for all diacritics$h[large print]
 /$cby Jane Deer-Doe
=260  \\$aWashington, DC :$bLibrary of Congress,$c1955.
=300  \\$a300\p.\:$bill., maps, ports., charts ;$c\cm.
=440  \0$aTest record series ;$vno. 5
=500  \\$aThis is a test of diacritics like the uppercase Polish L in ¡âodâz,
 the uppercase Scandinavia O in ¢st, the uppercase D with crossbar in £uro,
 the uppercase Icelandic thorn in ¤ann, the uppercase digraph AE in ¥gir,
 the uppercase digraph OE in ¦uvres, the soft sign in rech§, the middle dot
 in col¨lecciâo, the musical flat in F©, the patent mark in Frizbeeª,
 the plus or minus sign in «54%, the uppercase O-hook in B¬,
 the uppercase U-hook in X­A, the alif in mas®alah, the ayn in °arab,
 the lowercase Polish l in W±oc±aw, the lowercase Scandinavian o in
 K²benhavn, the lowercase d with crossbar in ³avola, the lowercase
 Icelandic thorn in ´ann, the lowercase digraph ae in vµre, the lowercase
 digraph oe in c¶ur, the lowercase hardsign in s·ezd, the Turkish dotless
 i in masal¸, the British pound sign in ¹5.95, the lowercase eth in verºur,
 the lowercase o-hook (with pseudo question mark) in Sà¼, the lowercase
 u-hook in T½ D½c, the pseudo question mark in càui, the grave accent
 in tráes, the acute accent in dâesirâee, the circumflex in cãote, the
 tilde in maänana, the macron in Tåokyo, the breve in russkiæi, the dot
 above in çzaba, the dieresis (umlaut) in Lèowenbrèau, the caron (hachek)
 in écrny, the circle above (angstrom) in êarbok, the ligature first and
 second halves in dëiìadëiìa, the high comma off center in rozdelíovac,
 the double acute in idîoszaki, the candrabindu (breve with dot above)
 in Aliïiev, the cedilla in ðca va comme ðca, the right hook in vietña,
 the dot below in teòda, the double dot below in ököhuótbah, the circle
 below in Saòmskôrta, the double underscore in õGhulam, the left hook
 in Lech Wa±÷esa, the right cedilla (comma below) in khøong, the
 upadhmaniya (half circle below) in ùhumantués, double tilde, first and
 second halves in únûgalan, high comma (centered) in gþeotermika
=500  \\$aThis field tests the 13 new USMARC characters which include the
 spacing circumflex "^", the spacing underscore in "file_name", the
 grave "`", the spacing tilde "~", and the opening and closing curly
 brackets, {lcub}text{rcub}; also included are new extended characters
 degree sign 98.6À, small script l in 45Á, the phono copyright mark in
 Á1994, the copyright mark in Â1955, the musical sharp in concerto in
 FÃ major, the inverted question mark in ÅQue pasâo?, and the inverted
 exclamation mark in ÆAy caramba!.
=504  \\$aIncludes Bibliographies, discographies, filmographies,
 and reviews.
=500  \\$aIncludes index.
=650  \4$aTest record$xJuvenile.
=600  14$aDoe, John,$d1955- $xBiography.

