=LDR  00000nam\\2200000\a\4500
=001  tes96000008\
=003  ViArRB
=005  19960221075055.7
=008  960221s1955\\\\dcuabcdjdbkoqu001\0dspa\d
=020  \\$a8472236579
=020  \\$a0777000008 :$c{24}35.99
=020  \\$a0777000008 :$c{curren}35.99
=020  \\$z3777000008 (German ed.):$c{dollar}46.00
=040  \\$aViArRB$cViArRB
=050  \4$aPQ1234$b.T39 1955
=100  2 $aDeer-Doe, Jane,$d1957-
=245  12$aA check of the processing of the dollar sign and mnemonic strings
 used for real dollar signs (associated with prices).
=260  \\$aWashington, DC :$bLibrary of Congress,$c1955.
=300  \\$a300\p.\:$bill., maps, ports., charts ;$c\cm.
=440  \0$aTest record series ;$vno. 8
=500  \\$aThis is a test of mnemonic conversion, like a real
 backslash or back solidus, as it is sometimes called ({bsol}).

